@article{example,
  title={{Example BibTex Entry}},
  author={Author},
  year={2011} }
